<?xml version="1.0" encoding="UTF-8"?><record xmlns="http://www.loc.gov/MARC21/slim" xmlns:cinclude="http://apache.org/cocoon/include/1.0" xmlns:zs="http://www.loc.gov/zing/srw/">
  <leader>00364nz  a2200121n  4500</leader>
  <controlfield tag="001">n  91080238 </controlfield>
  <controlfield tag="003">DLC</controlfield>
  <controlfield tag="005">19910812112900.2</controlfield>
  <controlfield tag="008">910812n| acannaab|          |n aaa |||  </controlfield>
  <datafield tag="010" ind1=" " ind2=" ">
    <subfield code="a">n  91080238 </subfield>
  </datafield>
  <datafield tag="040" ind1=" " ind2=" ">
    <subfield code="a">DLC</subfield>
    <subfield code="c">DLC</subfield>
  </datafield>
  <datafield tag="100" ind1="1" ind2="0">
    <subfield code="a">Alcock, John P.</subfield>
  </datafield>
  <datafield tag="670" ind1=" " ind2=" ">
    <subfield code="a">His Five generations of the family of Burr Harrison of Va., 1991:</subfield>
    <subfield code="b">t.p. (John P. Alcock) p. viii (Marshall, Va.)</subfield>
  </datafield>
</record>